<collection xmlns="http://www.loc.gov/MARC21/slim">
<record>
  <leader>01304nam0a2200241 i 450 </leader>
  <controlfield tag="001">IT\ICCU\CNCE\018718</controlfield>
  <controlfield tag="005">20061124000000.0</controlfield>
  <datafield tag="012" ind1=" " ind2=" ">
    <subfield code="a">noto dero ceme ceme (C) 1550 (Q)</subfield>
    <subfield code="2">fei</subfield>
  </datafield>
  <datafield tag="100" ind1=" " ind2=" ">
    <subfield code="a">19970101f1550        0itac0103    ba</subfield>
  </datafield>
  <datafield tag="101" ind1=" " ind2=" ">
    <subfield code="a">ITA</subfield>
  </datafield>
  <datafield tag="102" ind1=" " ind2=" ">
    <subfield code="a">IT</subfield>
  </datafield>
  <datafield tag="200" ind1="1" ind2=" ">
    <subfield code="a">℗La ℗felicisima vitoria auta dal s. principe d&apos;Oria a la presa de la citta d&apos;Affrica &amp; della citta de Monesterio &amp; dele Gerbi con la rota de Draguto rais donde che nara tutti li homini famosi che sie ritrouati ad essa impresa tu intenderai tutti li huomini che sono morti e feriti e pregioni a di 13 setembrio 1550 fino a ora presente. Nouamente stampata in rima</subfield>
  </datafield>
  <datafield tag="210" ind1=" " ind2=" ">
    <subfield code="d">\1550!</subfield>
    <subfield code="e">\Venezia!</subfield>
    <subfield code="g">stampata ad instantia di Paris Mantouano Fortunato</subfield>
  </datafield>
  <datafield tag="215" ind1=" " ind2=" ">
    <subfield code="a">\2! c.</subfield>
    <subfield code="c">ill.</subfield>
    <subfield code="d">4ʻ</subfield>
  </datafield>
  <datafield tag="620" ind1=" " ind2=" ">
    <subfield code="a">IT</subfield>
    <subfield code="d">Venezia</subfield>
  </datafield>
  <datafield tag="712" ind1="0" ind2="0">
    <subfield code="a">Mantovano, Paride</subfield>
    <subfield code="3">IT\ICCU\CNCT\001675</subfield>
    <subfield code="4">650</subfield>
  </datafield>
  <datafield tag="791" ind1="0" ind2="2">
    <subfield code="a">Paride Mantovano</subfield>
    <subfield code="3">IT\ICCU\CNCT\002736</subfield>
    <subfield code="z">Mantovano, Paride</subfield>
  </datafield>
  <datafield tag="791" ind1="0" ind2="2">
    <subfield code="a">Fortunato</subfield>
    <subfield code="3">IT\ICCU\CNCT\002995</subfield>
    <subfield code="z">Mantovano, Paride</subfield>
  </datafield>
  <datafield tag="791" ind1="0" ind2="0">
    <subfield code="a">Mantuano, Paris</subfield>
    <subfield code="3">IT\ICCU\CNCT\005009</subfield>
    <subfield code="z">Mantovano, Paride</subfield>
  </datafield>
  <datafield tag="791" ind1="0" ind2="0">
    <subfield code="a">Mantoano, Paris</subfield>
    <subfield code="3">IT\ICCU\CNCT\005010</subfield>
    <subfield code="z">Mantovano, Paride</subfield>
  </datafield>
  <datafield tag="791" ind1="0" ind2="2">
    <subfield code="a">Fortunato Mantovano</subfield>
    <subfield code="3">IT\ICCU\CNCT\005011</subfield>
    <subfield code="z">Mantovano, Paride</subfield>
  </datafield>
  <datafield tag="801" ind1=" " ind2="3">
    <subfield code="a">IT</subfield>
    <subfield code="b">ICCU</subfield>
    <subfield code="c">20201114</subfield>
  </datafield>
  <datafield tag="899" ind1=" " ind2=" ">
    <subfield code="a">Archivio storico civico e Biblioteca Trivulziana. Milano</subfield>
    <subfield code="1">MI0327</subfield>
    <subfield code="2">LO1 13</subfield>
  </datafield>
</record>
</collection>
